@article{gelf-lifs-91,
    Author = {M.~Gelfond and V.~Lifschitz},
    Date-Added = {2010-11-15 11:49:15 +0100},
    Date-Modified = {2010-11-15 11:49:15 +0100},
    Journal = NGC,
    Number = {3--4},
    Pages = {365--386},
    Title = {{Classical Negation in Logic Programs and Disjunctive Databases}},
    Volume = 9,
    Year = 1991}

@article{DBLP:journals/tplp/RiccaGAMLIL12,
  author    = {Francesco Ricca and
               Giovanni Grasso and
               Mario Alviano and
               Marco Manna and
               Vincenzino Lio and
               Salvatore Iiritano and
               Nicola Leone},
  title     = {{Team-building with answer set programming in the Gioia-Tauro seaport}},
  journal   = {{TPLP}},
  volume    = {12},
  number    = {3},
  pages     = {361--381},
  year      = {2012},
  url       = {http://dx.doi.org/10.1017/S147106841100007X},
  doi       = {10.1017/S147106841100007X},
  timestamp = {Fri, 13 Jun 2014 12:51:59 +0200},
  biburl    = {http://dblp.uni-trier.de/rec/bib/journals/tplp/RiccaGAMLIL12},
  bibsource = {dblp computer science bibliography, http://dblp.org}
}

@inproceedings{DBLP:conf/lpnmr/IelpaILR09,
  author    = {Salvatore Maria Ielpa and
               Salvatore Iiritano and
               Nicola Leone and
               Francesco Ricca},
  title     = {{An ASP-Based System for e-Tourism}},
  booktitle = {Logic Programming and Nonmonotonic Reasoning, 10th International Conference,
               {LPNMR} 2009, Potsdam, Germany, September 14-18, 2009. Proceedings},
  pages     = {368--381},
  year      = {2009},
  crossref  = {DBLP:conf/lpnmr/2009},
  url       = {http://dx.doi.org/10.1007/978-3-642-04238-6_31},
  doi       = {10.1007/978-3-642-04238-6_31},
  timestamp = {Thu, 03 Sep 2009 13:59:17 +0200},
  biburl    = {http://dblp.uni-trier.de/rec/bib/conf/lpnmr/IelpaILR09},
  bibsource = {dblp computer science bibliography, http://dblp.org}
}

@proceedings{DBLP:conf/lpnmr/2009,
  editor    = {Esra Erdem and
               Fangzhen Lin and
               Torsten Schaub},
  title     = {Logic Programming and Nonmonotonic Reasoning, 10th International Conference,
               {LPNMR} 2009, Potsdam, Germany, September 14-18, 2009. Proceedings},
  series    = {Lecture Notes in Computer Science},
  volume    = {5753},
  publisher = {Springer},
  year      = {2009},
  url       = {http://dx.doi.org/10.1007/978-3-642-04238-6},
  doi       = {10.1007/978-3-642-04238-6},
  isbn      = {978-3-642-04237-9},
  timestamp = {Thu, 03 Sep 2009 13:56:39 +0200},
  biburl    = {http://dblp.uni-trier.de/rec/bib/conf/lpnmr/2009},
  bibsource = {dblp computer science bibliography, http://dblp.org}
}

@article{DBLP:journals/aim/ErdemGL16,
  author    = {Esra Erdem and
               Michael Gelfond and
               Nicola Leone},
  title     = {Applications of Answer Set Programming},
  journal   = {{AI} Magazine},
  volume    = {37},
  number    = {3},
  pages     = {53--68},
  year      = {2016},
  url       = {http://www.aaai.org/ojs/index.php/aimagazine/article/view/2678},
  timestamp = {Wed, 26 Oct 2016 19:06:22 +0200},
  biburl    = {http://dblp.uni-trier.de/rec/bib/journals/aim/ErdemGL16},
  bibsource = {dblp computer science bibliography, http://dblp.org}
}
